% -*- coding: utf-8; -*-

% microhorario
@misc{microhorario,
    key             = "microhorario",
    author          = "{PUC-Rio}",
    title           = "{PUC-Rio - Horário das Disciplinas}",
    url             = {https://www.puc-rio.br/microhorario},
    urlaccessdate   = {17 abr. 2023},
    year            = "2023"
}

%% crs-recs:
%% utiliza texto, faz analise do texto, analise de sentimento, etc
%% utiliza pontuação recebida por professores
%% nao utiliza dados confidenciais da faculdade
@inproceedings{crs-recs,
    author={Ng, Yiu-Kai and Linn, Jane},
    booktitle={{2017 8th International Conference on Information, Intelligence, Systems \& Applications (IISA)}}, 
    title={CrsRecs: A personalized course recommendation system for college students}, 
    year={2017},
    volume={},
    number={},
    pages={1-6},
    doi={10.1109/IISA.2017.8316368}
}

%% rani-machine-learning:
%% utiliza machine learning para recomendacao
%% nao necessariamente aplicado para uma faculdade
%% tenta prever a nota do aluno naquela disciplina
@inproceedings{rani-machine-learning,
    author      = {Rani, L Paul Jasmine and Wise, D.C. Joy Winnie and Ajayram, KV. and Gokul, T. and Kirubakaran, B.},
    booktitle   = {2020 International Conference on Electronics and Sustainable Communication Systems (ICESC)},
    title       = {Course Recommendation for students using Machine Learning},
    pages       = {381-384},
    year        = {2020},
    doi         = {10.1109/ICESC48915.2020.9156012},
}

%% nguyen-learning-outcome
%% utiliza machine learning para recomendacao
%% utiliza dados do aluno (mas nao tiveram acesso a muitos dados)
@inproceedings{nguyen-learning-outcome,
    author      = {Nguyen, Viet Anh and Nguyen, Hoa-Huy and Nguyen, Duc-Loc and Le, Minh-Duc},
    booktitle   = {2021 Education and Information Technologies},
    series      = {26},
    title       = {A course recommendation model for students based on learning outcome},
    pages       = {5389-5415},
    year        = {2021},
    doi         = {10.1007/s10639-021-10524-0},
}

%% https://ieeexplore.ieee.org/document/7462394
%% adak-fuzzy:
@inproceedings{adak-fuzzy,
    author      = {Adak, M. Fatih and Yumusak, Nejat and Taskin, Harun},
    booktitle   = {2016 International Conference on Industrial Informatics and Computer Systems (CIICS)},
    title       = {An elective course suggestion system developed in computer engineering department using fuzzy logic},
    year        = {2016},
    pages       = {1-5},
    doi         = {10.1109/ICCSII.2016.7462394}
}

%% https://ieeexplore.ieee.org/document/7524023
%% xu-personalizado:
%% utiliza machine learning para recomendacao
%% forward search and backward induction
%% reduz tempo de graduação e maximiza a nota
@ARTICLE{xu-personalizado,
    author      = {Xu, Jie and Xing, Tianwei and van der Schaar, Mihaela},
    journal     = {IEEE Transactions on Signal Processing}, 
    title       = {Personalized Course Sequence Recommendations}, 
    year        = {2016},
    volume      = {64},
    number      = {20},
    pages       = {5340-5352},
    doi         = {10.1109/TSP.2016.2595495}
}

%% https://ieeexplore.ieee.org/document/9581846/
%% adak-svm:
%% utiliza svm para escolher eletivas
%% utiliza os cursos passados do aluno
@inproceedings{adak-svm,
    author      = {Adak, M. Fatih and Ercan, Serpil},
    booktitle   = {2021 International Conference on Innovation and Intelligence for Informatics, Computing, and Technologies (3ICT)}, 
    title       = {Support Vector Machine and Decision Tree-Based Elective Course Suggestion System: A Case Study}, 
    year        = {2021},
    volume      = {},
    number      = {},
    pages       = {552-556},
    doi         = {10.1109/3ICT53449.2021.9581846}
}

@misc{doc-matricula,
    title           = {Nova matr\'icula de gradua{\c c}\~ao PUC-Rio},
    year            = {2023},
    url             = {https://www.cbctc.puc-rio.br/Publicacao/Paginas/Files/20181/Apresenta%C3%A7%C3%A3oNovaMatr%C3%ADculaPUC-Rio\_09jul18.pdf},
    urlaccessdate   = {25 abr. 2023},
}

%%% VALORES ORIGINAIS:
@book{BKPAL10,
  title={Polygon Mesh Processing},
  author={Botsch, M. and Kobbelt, L. and Pauly, M. and Alliez, P. and Levy, B.},
  isbn={9781568814261},
  lccn={2009024954},
  series={Ak Peters Series},
  url={https://books.google.com.br/books?id=8zX-2VRqBAkC},
  year={2010},
  publisher={Taylor \& Francis}
}

@misc{AIMSHAPE,
  title = {AIM@SHAPE Shape Repository},
  howpublished = {\url{http://visionair.ge.imati.cnr.it}},
  note = {Accessed: 2017-05-01}
}


@article{HS13,
  title={Mesh denoising via L 0 minimization},
  author={He, Lei and Schaefer, Scott},
  journal={ACM Transactions on Graphics (TOG)},
  volume={32},
  number={4},
  pages={64},
  year={2013},
  publisher={ACM}
}

@inproceedings{FDC03,
  title={Bilateral mesh denoising},
  author={Fleishman, Shachar and Drori, Iddo and Cohen-Or, Daniel},
  booktitle={ACM transactions on graphics (TOG)},
  volume={22},
  number={3},
  pages={950--953},
  year={2003},
  organization={ACM}
}

@inproceedings{JDD03,
  title={Non-iterative, feature-preserving mesh smoothing},
  author={Jones, Thouis R and Durand, Fr{\'e}do and Desbrun, Mathieu},
  booktitle={ACM Transactions on Graphics (TOG)},
  volume={22},
  number={3},
  pages={943--949},
  year={2003},
  organization={ACM}
}

@article{SRML07,
  title={Fast and effective feature-preserving mesh denoising},
  author={Sun, Xianfang and Rosin, Paul and Martin, Ralph and Langbein, Frank},
  journal={IEEE transactions on visualization and computer graphics},
  volume={13},
  number={5},
  pages={925--938},
  year={2007},
  publisher={IEEE}
}

@article{ZFAT11,
  title={Bilateral normal filtering for mesh denoising},
  author={Zheng, Youyi and Fu, Hongbo and Au, Oscar Kin-Chung and Tai, Chiew-Lan},
  journal={IEEE Transactions on Visualization and Computer Graphics},
  volume={17},
  number={10},
  pages={1521--1530},
  year={2011},
  publisher={IEEE}
}

@inproceedings{ZDZBL15,
  title={Guided mesh normal filtering},
  author={Zhang, Wangyu and Deng, Bailin and Zhang, Juyong and Bouaziz, Sofien and Liu, Ligang},
  booktitle={Computer Graphics Forum},
  volume={34},
  number={7},
  pages={23--34},
  year={2015},
  organization={Wiley Online Library}
}

@article{YRP16,
  title={Mesh denoising based on normal voting tensor and binary optimization},
  author={Yadav, SK and Reitebuch, Ulrich and Polthier, Konrad},
  journal={arXiv preprint arXiv:1607.07427},
  year={2016}
}





